<record><leader>00000cas a22000007a 4500</leader><controlfield tag="001">11788842</controlfield><controlfield tag="008">850311d18281828njuwr ne      0    0eng d</controlfield><datafield ind1=" " ind2=" " tag="010"><subfield code="a">sn 85025536 </subfield></datafield><datafield ind1=" " ind2=" " tag="040"><subfield code="a">NPX</subfield><subfield code="b">eng</subfield><subfield code="c">NPX</subfield><subfield code="d">OCLCG</subfield><subfield code="d">OCLCQ</subfield><subfield code="d">OCLCF</subfield><subfield code="d">OCLCA</subfield></datafield><datafield ind1="1" ind2=" " tag="029"><subfield code="a">AU@</subfield><subfield code="b">000025821020</subfield></datafield><datafield ind1=" " ind2=" " tag="042"><subfield code="a">msc</subfield></datafield><datafield ind1="0" ind2=" " tag="130"><subfield code="a">Jacksonian (Trenton, N.J.)</subfield></datafield><datafield ind1="1" ind2="4" tag="245"><subfield code="a">The Jacksonian.</subfield></datafield><datafield ind1=" " ind2=" " tag="260"><subfield code="a">Trenton, N.J. :</subfield><subfield code="b">Jackson Central Committee of the State of N.J.</subfield></datafield><datafield ind1=" " ind2=" " tag="300"><subfield code="a">v.</subfield></datafield><datafield ind1=" " ind2=" " tag="310"><subfield code="a">Weekly</subfield></datafield><datafield ind1="1" ind2=" " tag="362"><subfield code="a">Began in 1828; ceased in 1828.</subfield><subfield code="z">Cf. Direct. of N.J. newspapers, 1765-1970.</subfield></datafield><datafield ind1=" " ind2=" " tag="500"><subfield code="a">Campaign paper supporting Andrew Jackson for U.S. President.</subfield></datafield><datafield ind1=" " ind2=" " tag="500"><subfield code="a">Printer: Joseph Justice.</subfield></datafield><datafield ind1=" " ind2=" " tag="588"><subfield code="a">Description based on: No. 9 (Oct. 8, 1828).</subfield></datafield><datafield ind1="1" ind2="0" tag="600"><subfield code="a">Jackson, Andrew,</subfield><subfield code="d">1767-1845.</subfield></datafield><datafield ind1="1" ind2="7" tag="600"><subfield code="a">Jackson, Andrew,</subfield><subfield code="d">1767-1845.</subfield><subfield code="2">fast</subfield><subfield code="0">(OCoLC)fst00040485</subfield></datafield><datafield ind1=" " ind2=" " tag="752"><subfield code="a">United States</subfield><subfield code="b">New Jersey</subfield><subfield code="c">Mercer</subfield><subfield code="d">Trenton.</subfield></datafield></record>